<collection xmlns="http://www.loc.gov/MARC21/slim">
<record>
  <leader>01244nam0a2200217 i 450 </leader>
  <controlfield tag="001">IT\ICCU\CNCE\061507</controlfield>
  <controlfield tag="005">20160825000000.0</controlfield>
  <datafield tag="012" ind1=" " ind2=" ">
    <subfield code="a">tete tete hihi iate (C) 1549 (Q)</subfield>
    <subfield code="2">fei</subfield>
  </datafield>
  <datafield tag="100" ind1=" " ind2=" ">
    <subfield code="a">20050929f1549        0itac0103    ba</subfield>
  </datafield>
  <datafield tag="101" ind1=" " ind2=" ">
    <subfield code="a">ITA</subfield>
  </datafield>
  <datafield tag="102" ind1=" " ind2=" ">
    <subfield code="a">IT</subfield>
  </datafield>
  <datafield tag="200" ind1="1" ind2=" ">
    <subfield code="a">℗Il ℗successo di tutta la guerra seguita fra il gran thurco el Sophi, cominciando nell&apos;anno 1547 narrante tutte le scaramuzze &amp; terre prese con li tre esserciti rotti insino alla presente rotta che ha datto il Sophi al gran turcho, &amp; il figliolo del gran turcho che in compagnia del Sophi fatta alli 16. di luglio 1549 con il numero della gente morta dall&apos;una parte &amp; l&apos;altra &amp; il nome de i gran Bassa morti del gran turcho, con il testamento del padre detto Selino, composto per il discretto giouane Luca Pauese, il quale e sta schiauo anni tre in Constantinopoli</subfield>
  </datafield>
  <datafield tag="210" ind1=" " ind2=" ">
    <subfield code="d">\dopo il 1549!</subfield>
    <subfield code="h">Stampato in Bologna</subfield>
  </datafield>
  <datafield tag="215" ind1=" " ind2=" ">
    <subfield code="a">\4! c.</subfield>
    <subfield code="c">ill.</subfield>
    <subfield code="d">4ʻ</subfield>
  </datafield>
  <datafield tag="300" ind1=" " ind2=" ">
    <subfield code="a">La data si ricava dal testo</subfield>
  </datafield>
  <datafield tag="620" ind1=" " ind2=" ">
    <subfield code="a">IT</subfield>
    <subfield code="d">Bologna</subfield>
  </datafield>
  <datafield tag="700" ind1=" " ind2="1">
    <subfield code="a">Pavese,</subfield>
    <subfield code="b">Luca</subfield>
    <subfield code="3">IT\ICCU\CNCA\023619</subfield>
  </datafield>
  <datafield tag="712" ind1="0" ind2="2">
    <subfield code="a">s.n.</subfield>
    <subfield code="3">IT\ICCU\CNCT\000002</subfield>
    <subfield code="4">650</subfield>
  </datafield>
  <datafield tag="790" ind1=" " ind2="0">
    <subfield code="a">Luca</subfield>
    <subfield code="c"> : Pavese</subfield>
    <subfield code="3">IT\ICCU\CNCA\028275</subfield>
    <subfield code="z">Pavese, Luca</subfield>
  </datafield>
  <datafield tag="801" ind1=" " ind2="3">
    <subfield code="a">IT</subfield>
    <subfield code="b">ICCU</subfield>
    <subfield code="c">20201115</subfield>
  </datafield>
  <datafield tag="899" ind1=" " ind2=" ">
    <subfield code="a">Biblioteca nazionale Marciana. Venezia</subfield>
    <subfield code="1">VE0049</subfield>
    <subfield code="2">VEA BM</subfield>
  </datafield>
</record>
</collection>
